%% This BibTeX bibliography file was created using BibDesk.
%% http://bibdesk.sourceforge.net/


%% Created for 蒲思行 at 2015-06-16 11:35:43 +0800 


%% Saved with string encoding Unicode (UTF-8) 



@article{fatrv,
	Author = {Bhat, WASIM AHMAD and Quadri, SMK},
	Date-Added = {2015-06-16 03:34:38 +0000},
	Date-Modified = {2015-06-16 03:34:59 +0000},
	Journal = {Oriental Journal of Computer Science \& Technology},
	Number = {1},
	Title = {Review of FAT Data Structure of FAT32 file system[J]},
	Volume = {3},
	Year = {2010}}

@electronic{fatfs,
	Author = {ChaN},
	Date-Added = {2015-06-09 02:45:29 +0000},
	Date-Modified = {2015-06-09 02:49:28 +0000},
	Title = {FatFs - Generic FAT File System Module},
	Url = {http://elm-chan.org/fsw/ff/00index_e.html},
	Urldate = {2015},
	Bdsk-Url-1 = {http://elm-chan.org/fsw/ff/00index_e.html}}

@book{mcu2,
	Author = {汉才},
	Date-Added = {2015-06-09 02:19:17 +0000},
	Date-Modified = {2015-06-09 02:21:12 +0000},
	Language = {chinese},
	Publisher = {清华大学出版社},
	Title = {单片机原理及系统设计[M]},
	Year = {2002}}

@article{mcu4,
	Author = {马忠梅},
	Date-Added = {2015-06-09 02:19:14 +0000},
	Date-Modified = {2015-06-09 02:21:50 +0000},
	Journal = {单片机与嵌入式系统应用},
	Language = {chinese},
	Number = {10},
	Pages = {46--46},
	Title = {单片机的 C 语言应用程序设计[J]},
	Year = {2003}}

@book{mcu3,
	Author = {何立民},
	Date-Added = {2015-06-09 02:19:11 +0000},
	Date-Modified = {2015-06-09 02:21:26 +0000},
	Language = {chinese},
	Number = {990},
	Publisher = {北京航空航天大学出版社},
	Title = {MCS-51 系列单片机应用系统设计[M]},
	Volume = {1},
	Year = {1990}}

@book{mcu1,
	Author = {李朝青},
	Date-Added = {2015-06-09 02:19:05 +0000},
	Date-Modified = {2015-06-09 02:21:31 +0000},
	Language = {chinese},
	Number = {999},
	Publisher = {北京航空航天大学出版社},
	Title = {单片机原理及接口技术[M]},
	Volume = {1},
	Year = {1999}}

@book{sdgp,
	Address = {SanRamon,CA 94583 USA},
	Author = {Group SD},
	Date-Added = {2015-06-08 08:56:46 +0000},
	Date-Modified = {2015-06-09 02:08:38 +0000},
	Edition = {Version 4.10},
	Publisher = {SD Card Association},
	Title = {SD Specifications Part 1 Physical Layer[M]},
	Year = {2013}}

@article{fat1,
	Author = {洪岳炜 and 王百鸣 and 谢超英},
	Date-Added = {2015-06-08 06:44:55 +0000},
	Date-Modified = {2015-06-09 02:02:10 +0000},
	Journal = {单片机与嵌入式系统应用},
	Language = {chinese},
	Number = {5},
	Pages = {29--31},
	Title = {一种易于移植和使用的文件系统 FatFs Module[J]},
	Year = {2008}}

@article{lfn1,
	Author = {陈代军},
	Date-Added = {2015-06-08 06:44:27 +0000},
	Date-Modified = {2015-06-09 02:01:54 +0000},
	Journal = {成都信息工程学院学报},
	Language = {chinese},
	Number = {4},
	Pages = {381--385},
	Title = {解析 FAT 文件系统对长文件名的支持[J]},
	Volume = {18},
	Year = {2004}}

@article{fat2,
	Author = {邓剑 and 杨晓非 and 廖俊卿},
	Date-Added = {2015-06-08 06:44:02 +0000},
	Date-Modified = {2015-06-09 02:02:42 +0000},
	Journal = {计算机与数字工程},
	Language = {chinese},
	Number = {9},
	Pages = {105--108},
	Title = {FAT 文件系统原理及实现[J]},
	Volume = {33},
	Year = {2005}}

@article{spi1,
	Author = {杨美刚 and 李小文},
	Date-Added = {2015-06-08 06:43:05 +0000},
	Date-Modified = {2015-06-09 02:03:00 +0000},
	Journal = {通信技术},
	Language = {chinese},
	Number = {11},
	Pages = {385--387},
	Title = {SPI 接口及其在数据交换中的应用[J]},
	Year = {2008}}

@article{sdfat1,
	Author = {李世奇 and 董浩斌 and 李荣生},
	Date-Added = {2015-06-08 06:41:33 +0000},
	Date-Modified = {2015-06-09 02:01:42 +0000},
	Journal = {测控技术},
	Language = {chinese},
	Number = {12},
	Pages = {79--81},
	Title = {基于 FatFs 文件系统的 SD 卡存储器设计[J]},
	Volume = {30},
	Year = {2011}}

@article{sdspi1,
	Author = {张洪涛 and 莫文承 and 李兵兵},
	Date-Added = {2015-06-08 06:41:28 +0000},
	Date-Modified = {2015-06-08 06:46:10 +0000},
	Journal = {电子元器件应用},
	Language = {chinese},
	Number = {3},
	Pages = {42--43},
	Title = {基于 SPI 协议的 SD 卡读写机制与实现方法 [J]},
	Volume = {10},
	Year = {2008}}

@article{sd1,
	Author = {李长有 and 武学东 and 孙步胜 and 马齐爽},
	Date-Added = {2015-06-08 06:41:24 +0000},
	Date-Modified = {2015-06-09 02:01:36 +0000},
	Journal = {微计算机信息},
	Language = {chinese},
	Number = {26},
	Pages = {120--122},
	Title = {基于 C8051F020 的 SD 卡主控制器设计[J]},
	Year = {2007}}

@article{fat3,
	Author = {Yuan, Chunxu and Gao, Fei},
	Date-Added = {2015-06-08 06:39:46 +0000},
	Date-Modified = {2015-06-09 01:30:51 +0000},
	Journal = {Modern Electronic Technique},
	Pages = {034},
	Title = {To Operate the IDE Hard Disk Based on FAT32 File System Using TMS320F206 [J]},
	Volume = {6},
	Year = {2004}}

@article{fat4,
	Author = {Stoffregen, Paul},
	Date-Added = {2015-06-08 06:39:45 +0000},
	Date-Modified = {2015-06-09 02:03:15 +0000},
	Journal = {PJRC. Feb},
	Title = {Understanding FAT32 Filesystems[J]},
	Volume = {24},
	Year = {2005}}

@inproceedings{fat5,
	Author = {Munegowda, Keshava and Venkatraman, S and Raju, Dr GT},
	Booktitle = {Linux Conference, Prague, Czech Republic, Europe},
	Date-Added = {2015-06-08 06:39:44 +0000},
	Date-Modified = {2015-06-09 02:07:44 +0000},
	Title = {The Extend FAT file system: Differentiating with FAT32 file system[C]},
	Year = {2011}}

@article{fat6,
	Author = {Wang,W and Liang,F and Gao, H},
	Date-Added = {2015-06-08 06:39:43 +0000},
	Date-Modified = {2015-06-09 01:32:10 +0000},
	Journal = {Electronic Measurement Technology},
	Pages = {035},
	Title = {Implementation of FAT32 file system on embedded system [J]},
	Volume = {9},
	Year = {2009}}

@article{fat7,
	Author = {Xiuyu, Zhong},
	Date-Added = {2015-06-08 06:39:42 +0000},
	Date-Modified = {2015-06-08 06:48:00 +0000},
	Journal = {Computer Applications and Software},
	Pages = {024},
	Title = {THE DESIGN OF DATA RECOVERY SYSTEM BASED ON FAT32 [J]},
	Volume = {11},
	Year = {2008}}

@article{fat8,
	Author = {Ya-zhou, Ren},
	Date-Added = {2015-06-08 06:39:41 +0000},
	Date-Modified = {2015-06-09 02:02:50 +0000},
	Journal = {Computer Knowledge and Technology},
	Number = {6},
	Title = {Research in FAT32 File System[J]},
	Volume = {3},
	Year = {2008}}

@article{fat9,
	Author = {Bhat, WASIM AHMAD and Quadri, SMK},
	Date-Added = {2015-06-08 06:39:39 +0000},
	Date-Modified = {2015-06-09 02:02:55 +0000},
	Journal = {Oriental Journal of Computer Science \& Technology},
	Number = {1},
	Title = {Review of FAT Data Structure of FAT32 file system[J]},
	Volume = {3},
	Year = {2010}}

@article{sdfat2,
	Author = {Yang, M and Chen, F and Wu, X J},
	Date-Added = {2015-06-08 06:39:38 +0000},
	Date-Modified = {2015-06-09 01:27:19 +0000},
	Journal = {Audio Engineering},
	Pages = {012},
	Title = {Design of FAT32 File System of SD Card in Embedded System [J]},
	Volume = {4},
	Year = {2010}}

@article{fata,
	Author = {张明亮 and 张宗杰},
	Date-Added = {2015-06-08 06:39:37 +0000},
	Date-Modified = {2015-06-09 02:02:20 +0000},
	Journal = {计算机与数字工程},
	Language = {chinese},
	Number = {1},
	Pages = {56--59},
	Title = {浅析 FAT32 文件系统[J]},
	Volume = {33},
	Year = {2005}}

@article{fatb,
	Author = {Zhang,Zongjie and Zhang,Mingliang},
	Date-Added = {2015-06-08 06:39:36 +0000},
	Date-Modified = {2015-06-09 02:02:28 +0000},
	Journal = {Computer \& Digital Engineering},
	Pages = {014},
	Title = {Analysis of FAT32 File System[J]},
	Volume = {1},
	Year = {2005}}

@book{fatms,
	Address = {USA},
	Author = {Microsoft},
	Date-Modified = {2015-06-09 02:08:28 +0000},
	Edition = {Version 1.03},
	Note = {FAT: General Overview of On-Disk Format},
	Publisher = {Microsoft Corporation},
	Title = {Microsoft Extensible Firmware Initiative FAT32 File System Specification[M]},
	Year = {2001},
	Bdsk-Url-1 = {download.microsoft.com/download/1/6/1/.../fatgen103.doc}}
